@misc{2017-Guide-to-RF-cal,
  author =      {Dang Ha The Hien},
  title =       {A guide to receptive field arithmetic for Convolutional Neural Networks},
  urldate  =    {2017-4-6},
  year = 2017,
  url =         {https://bit.ly/2MLtWQ6},
}

@inproceedings{2016-Youtube-DNN,
  author = {Covington, Paul and Adams, Jay and Sargin, Emre},
  title = {Deep Neural Networks for YouTube Recommendations},
  year = {2016},
  isbn = {9781450340359},
  publisher = {Association for Computing Machinery},
  address = {New York, NY, USA},
  url = {https://doi.org/10.1145/2959100.2959190},
  doi = {10.1145/2959100.2959190},
  booktitle = {the 10th ACM Conference on Recommender Systems(RecSys '16)},
  numpages = {8},
  keywords = {deep learning, recommender system, scalability},
  location = {Boston, Massachusetts, USA},
  series = {RecSys '16}
}

@inproceedings{2019-Youtube-MMoE,
  author = {Zhao, Zhe and Hong, Lichan and Wei, Li and Chen, Jilin and Nath, Aniruddh and Andrews, Shawn and Kumthekar, Aditee and Sathiamoorthy, Maheswaran and Yi, Xinyang and Chi, Ed},
  title = {Recommending What Video to Watch Next: A Multitask Ranking System},
  year = {2019},
  address = {Copenhagen, Denmark},
  booktitle = {the 13th ACM Conference on Recommender Systems(RecSys '19)},
  series = {RecSys '19}
}

@inproceedings{2018-Airbnb-embedding,
  author = {Grbovic, Mihajlo and Cheng, Haibin},
  title = {Real-Time Personalization Using Embeddings for Search Ranking at Airbnb},
  year = {2018},
  isbn = {9781450355520},
  publisher = {Association for Computing Machinery},
  address = {New York, NY, USA},
  url = {https://doi.org/10.1145/3219819.3219885},
  doi = {10.1145/3219819.3219885},
  booktitle = {Proceedings of the 24th ACM SIGKDD International Conference on Knowledge Discovery \& Data Mining},
  numpages = {10},
  keywords = {user modeling, personalization, search ranking},
  location = {London, United Kingdom},
  series = {KDD '18}
}

@article{2020-Alibaba-COLD,
  title = {COLD: Towards the Next Generation of Pre-Ranking System}, 
  author = {Zhe Wang and Liqin Zhao and Biye Jiang and Guorui Zhou and Xiaoqiang Zhu and Kun Gai},
  journal = {arXiv},
  volume = {\emph{arXiv: 2007.16122}},
  year = {2020},
}

@article{2016-Guide-Conv,
  author = {Dumoulin, Vincent and Visin, Francesco},
  title = {A Guide to Convolution Arithmetic for Deep Learning},
  journal = {arXiv},
  volume = {\emph{arXiv: 1603.07285}},
  year = {2016},
}
